@misc{CALab,
title = "CA Lab (Labview + EPICS)",
howpublished = "\url{http://www-csr.bessy.de/control/SoftDist/CA_Lab}",
note = "Link consulted 2014.11.06"
}
